<?xml version="1.0" encoding="UTF-8"?><collection xmlns="http://www.loc.gov/MARC21/slim"><record><leader>00434nam--2200121-i-4500</leader><controlfield tag="001">000013905</controlfield><controlfield tag="002">20161230</controlfield><controlfield tag="005">20161230201030</controlfield><controlfield tag="008">060222s1000------------r-----000-0-eng-d</controlfield><datafield ind1=" " ind2=" " tag="245"><subfield code="a">Canadian upper mantle report, 1967. a report on the work of scientific groups in c anada on projects contributing to the internat ional upper ..</subfield></datafield><datafield ind1=" " ind2=" " tag="260"><subfield code="a">Ottawa, Geological Survey Of Canada, 1967</subfield></datafield><datafield ind1=" " ind2=" " tag="490"><subfield code="a">Vi + 245 P</subfield></datafield><datafield ind1=" " ind2=" " tag="852"><subfield code="a">550.347.642(71):551.24</subfield></datafield></record></collection>